@book{Georgi:1999wka,
      author         = "Georgi, Howard",
      title          = "{Lie algebras in particle physics}",
      year           = "1999",
      SLACcitation   = "%%CITATION = INSPIRE-1236686;%%"
}

@article{NCalgebra,
      author         = "J.W.Helton, R.L.Miller",
      title          = "{NCAlgebra}",
      note          = "http://math.ucsd.edu/\%7Encalg/"
}

@book{Foot,
      author         = "C.J.Foot",
      title          = "{Atomic Physics}",
      year           = "2005"
}

@book{Cahn:1985wk,
      author         = "Cahn, R. N.",
      title          = "{SEMISIMPLE LIE ALGEBRAS AND THEIR REPRESENTATIONS}",
      note            = "http://phyweb.lbl.gov/\%7Erncahn/www/liealgebras/book.html",
      journal        = "Menlo Park, Usa: Benjamin/cummings ( 1984) 158 P. (
                        Frontiers In Physics, 59)",
      year           = "1985",
      SLACcitation   = "%%CITATION = INSPIRE-220438;%%"
}